<?xml version="1.0" encoding="UTF-8"?><collection xmlns="http://www.loc.gov/MARC21/slim"><record><leader>00403nam--2200133-i-4500</leader><controlfield tag="001">000016877</controlfield><controlfield tag="002">20161230</controlfield><controlfield tag="005">20170209231657</controlfield><controlfield tag="008">060222s1000------------r-----000-0-eng-d</controlfield><datafield ind1=" " ind2=" " tag="245"><subfield code="a">Discussion meeting on hera experiments. Oct,1-3, 1984, Genoa, Italy. Proceedings</subfield></datafield><datafield ind1=" " ind2=" " tag="260"><subfield code="a">Hamburg</subfield><subfield code="b">Deutsches Elektronen-synchrotron</subfield><subfield code="c">1984</subfield></datafield><datafield ind1=" " ind2=" " tag="300"><subfield code="a">770 p</subfield></datafield><datafield ind1=" " ind2=" " tag="852"><subfield code="a">621.384.6(061.3)</subfield></datafield><datafield ind1=" " ind2=" " tag="CAT"><subfield code="a">SYS</subfield><subfield code="c">20170209</subfield><subfield code="h">231657</subfield></datafield></record></collection>